<collection xmlns="http://www.loc.gov/MARC21/slim">
<record>
  <leader>02245nam0a2200349 i 450 </leader>
  <controlfield tag="001">IT\ICCU\CNCE\054212</controlfield>
  <controlfield tag="005">20130417000000.0</controlfield>
  <datafield tag="012" ind1=" " ind2=" ">
    <subfield code="a">&amp;.m- e-l- a-a- quil (3) 1599 (R)</subfield>
    <subfield code="2">fei</subfield>
  </datafield>
  <datafield tag="100" ind1=" " ind2=" ">
    <subfield code="a">20030407d1599        0itac0103    ba</subfield>
  </datafield>
  <datafield tag="101" ind1=" " ind2=" ">
    <subfield code="a">LAT</subfield>
  </datafield>
  <datafield tag="102" ind1=" " ind2=" ">
    <subfield code="a">IT</subfield>
  </datafield>
  <datafield tag="200" ind1="1" ind2=" ">
    <subfield code="a">℗Al. Antonii Sompani Sidicini et praesbyter Sergii Sarmenti Salani, ℗Totius fere rei grammaticae epitomae. Ex optimis quibusque Latinae linguae authoribus decerptae noua quadam, ac mirabili docendi ratione in lucem prodeunt Caesaris Benenati industria multo, quam ante correctiores, et locupletiores. Praeter Sidicini vitam, ac dialogum de periodis, earumque partibus addidimus huic nouae editioni de equis, eorumque partibus, atque nominibus, una cum Latini sermonis formulis, ac dicendi modis inter se significatione cognatis opusculum, Caesare Benenato authore</subfield>
  </datafield>
  <datafield tag="210" ind1=" " ind2=" ">
    <subfield code="a">Venetiis</subfield>
    <subfield code="c">apud Dominicum de Farris</subfield>
    <subfield code="d">1599</subfield>
  </datafield>
  <datafield tag="215" ind1=" " ind2=" ">
    <subfield code="a">104 c.</subfield>
    <subfield code="d">8ʻ</subfield>
  </datafield>
  <datafield tag="620" ind1=" " ind2=" ">
    <subfield code="a">IT</subfield>
    <subfield code="d">Venezia</subfield>
  </datafield>
  <datafield tag="700" ind1=" " ind2="1">
    <subfield code="a">Sompano,</subfield>
    <subfield code="b">Luigi Antonio</subfield>
    <subfield code="3">IT\ICCU\CNCA\007341</subfield>
  </datafield>
  <datafield tag="702" ind1=" " ind2="1">
    <subfield code="a">Sarmiento,</subfield>
    <subfield code="b">Sergio</subfield>
    <subfield code="3">IT\ICCU\CNCA\007386</subfield>
  </datafield>
  <datafield tag="702" ind1=" " ind2="1">
    <subfield code="a">Benenato,</subfield>
    <subfield code="b">Cesare</subfield>
    <subfield code="3">IT\ICCU\CNCA\001601</subfield>
  </datafield>
  <datafield tag="712" ind1="0" ind2="0">
    <subfield code="a">Farri, Domenico</subfield>
    <subfield code="3">IT\ICCU\CNCT\000035</subfield>
    <subfield code="4">650</subfield>
  </datafield>
  <datafield tag="790" ind1=" " ind2="1">
    <subfield code="a">Sidicinus,</subfield>
    <subfield code="b">Aloysius Antonius</subfield>
    <subfield code="3">IT\ICCU\CNCA\024114</subfield>
    <subfield code="z">Sompano, Luigi Antonio</subfield>
  </datafield>
  <datafield tag="790" ind1=" " ind2="1">
    <subfield code="a">Sompanus,</subfield>
    <subfield code="b">Aloisius Antonius</subfield>
    <subfield code="3">IT\ICCU\CNCA\024115</subfield>
    <subfield code="z">Sompano, Luigi Antonio</subfield>
  </datafield>
  <datafield tag="790" ind1=" " ind2="1">
    <subfield code="a">Sarmento,</subfield>
    <subfield code="b">Sergio</subfield>
    <subfield code="3">IT\ICCU\CNCA\023853</subfield>
    <subfield code="z">Sarmiento, Sergio</subfield>
  </datafield>
  <datafield tag="790" ind1=" " ind2="1">
    <subfield code="a">Sarmentus,</subfield>
    <subfield code="b">Sergius</subfield>
    <subfield code="3">IT\ICCU\CNCA\023854</subfield>
    <subfield code="z">Sarmiento, Sergio</subfield>
  </datafield>
  <datafield tag="790" ind1=" " ind2="0">
    <subfield code="a">Sergius</subfield>
    <subfield code="c"> : Salanus</subfield>
    <subfield code="3">IT\ICCU\CNCA\023855</subfield>
    <subfield code="z">Sarmiento, Sergio</subfield>
  </datafield>
  <datafield tag="790" ind1=" " ind2="1">
    <subfield code="a">Sarmenzio,</subfield>
    <subfield code="b">Sergio</subfield>
    <subfield code="3">IT\ICCU\CNCA\023879</subfield>
    <subfield code="z">Sarmiento, Sergio</subfield>
  </datafield>
  <datafield tag="791" ind1="0" ind2="0">
    <subfield code="a">Farris, Dominicus de</subfield>
    <subfield code="3">IT\ICCU\CNCT\005455</subfield>
    <subfield code="z">Farri, Domenico</subfield>
  </datafield>
  <datafield tag="791" ind1="0" ind2="0">
    <subfield code="a">Farreus, Dominicus</subfield>
    <subfield code="3">IT\ICCU\CNCT\005459</subfield>
    <subfield code="z">Farri, Domenico</subfield>
  </datafield>
  <datafield tag="791" ind1="0" ind2="0">
    <subfield code="a">Farris, Domingo</subfield>
    <subfield code="3">IT\ICCU\CNCT\005462</subfield>
    <subfield code="z">Farri, Domenico</subfield>
  </datafield>
  <datafield tag="801" ind1=" " ind2="3">
    <subfield code="a">IT</subfield>
    <subfield code="b">ICCU</subfield>
    <subfield code="c">20201115</subfield>
  </datafield>
  <datafield tag="899" ind1=" " ind2=" ">
    <subfield code="a">Biblioteca dell&apos;Archivio di Stato di L&apos;Aquila. Sezione di Sulmona. Sulmona</subfield>
    <subfield code="1">AQ0113</subfield>
    <subfield code="2">ZAQ 20</subfield>
  </datafield>
  <datafield tag="911" ind1=" " ind2=" ">
    <subfield code="a">Sul front.</subfield>
    <subfield code="9">IT\ICCU\CNCM\000766</subfield>
  </datafield>
  <datafield tag="921" ind1=" " ind2=" ">
    <subfield code="a">IT\ICCU\CNCM\000766</subfield>
    <subfield code="b">Carit ̉(donna con bambino in braccio e altri due ai lati). Nel cartiglio la scritta: Charitas. In cornice figurata</subfield>
    <subfield code="c">Z204</subfield>
    <subfield code="d">Dimensioni: 3,8 x 4</subfield>
    <subfield code="f">CARITA</subfield>
    <subfield code="g">1589-1599</subfield>
  </datafield>
</record>
</collection>
